@article{brown1966decentering,
  title={Decentering distortion of lenses},
  author={Brown, Duane C},
  journal={Photogrammetric Engineering and Remote Sensing},
  year={1966}
}

@inproceedings{de2008centi,
  title={Centi-pixel accurate real-time inverse distortion correction},
  author={De Villiers, Jason P and Leuschner, F Wilhelm and Geldenhuys, Ronelle},
  booktitle={Optomechatronic Technologies 2008},
  volume={7266},
  pages={726611},
  year={2008},
  organization={International Society for Optics and Photonics}
}
